<?xml version="1.0" encoding="UTF-8"?><record xmlns="http://www.loc.gov/MARC21/slim" xmlns:cinclude="http://apache.org/cocoon/include/1.0" xmlns:zs="http://www.loc.gov/zing/srw/">
  <leader>00836cz  a2200193n  4500</leader>
  <controlfield tag="001">no 97040860 </controlfield>
  <controlfield tag="003">DLC</controlfield>
  <controlfield tag="005">20130810073808.0</controlfield>
  <controlfield tag="008">970709n| azannaabn          |a ana     c</controlfield>
  <datafield tag="010" ind1=" " ind2=" ">
    <subfield code="a">no 97040860 </subfield>
  </datafield>
  <datafield tag="035" ind1=" " ind2=" ">
    <subfield code="a">(OCoLC)oca04381115</subfield>
  </datafield>
  <datafield tag="040" ind1=" " ind2=" ">
    <subfield code="a">MdU</subfield>
    <subfield code="b">eng</subfield>
    <subfield code="e">rda</subfield>
    <subfield code="c">MdU</subfield>
    <subfield code="d">DLC</subfield>
    <subfield code="d">CSt</subfield>
  </datafield>
  <datafield tag="046" ind1=" " ind2=" ">
    <subfield code="s">1987</subfield>
  </datafield>
  <datafield tag="110" ind1="2" ind2=" ">
    <subfield code="a">Media for Development Trust (Organization)</subfield>
  </datafield>
  <datafield tag="410" ind1="2" ind2=" ">
    <subfield code="a">MFD (Organization)</subfield>
  </datafield>
  <datafield tag="410" ind1="2" ind2=" ">
    <subfield code="a">Media Development Trust</subfield>
  </datafield>
  <datafield tag="670" ind1=" " ind2=" ">
    <subfield code="a">Everyone's child [VR] c1996:</subfield>
    <subfield code="b">credits (Media for Development Trust)</subfield>
  </datafield>
  <datafield tag="670" ind1=" " ind2=" ">
    <subfield code="a">E-mail from Development Through Self Reliance Inc., June 26, 1997</subfield>
    <subfield code="b">(Media for Development Trust (MFD); a registered charity in Zimbabwe; estab. in 1987 with the help of Development Through Self Reliance Inc.)</subfield>
  </datafield>
  <datafield tag="670" ind1=" " ind2=" ">
    <subfield code="a">More time, c1993:</subfield>
    <subfield code="b">title screen (Media Development Trust) container (Media for Development Trust)</subfield>
  </datafield>
</record>